<mx:record xmlns="http://www.w3.org/TR/xhtml1/strict" xmlns:mx="http://www.loc.gov/MARC21/slim"><mx:leader>00037nz 2200037n 45 0</mx:leader><mx:controlfield tag="001">DNB|102407398</mx:controlfield><mx:controlfield tag="003">DNB</mx:controlfield><mx:controlfield tag="005">19960808164549.0</mx:controlfield><mx:controlfield tag="008">930416|||az|nnaa|||||||||||| a|aaa|||| d</mx:controlfield><mx:datafield ind1="7" ind2=" " tag="016"><mx:subfield code="a">102407398</mx:subfield><mx:subfield code="2">GyFmDB</mx:subfield></mx:datafield><mx:datafield ind1=" " ind2=" " tag="040"><mx:subfield code="a">0000</mx:subfield><mx:subfield code="b">ger</mx:subfield><mx:subfield code="d">9999</mx:subfield><mx:subfield code="f">RAK-PND</mx:subfield></mx:datafield><mx:datafield ind1="1" ind2=" " tag="045"><mx:subfield code="b">d3./4. Jh. n. Chr.</mx:subfield></mx:datafield><mx:datafield ind1="0" ind2=" " tag="100"><mx:subfield code="a">Theoclius,</mx:subfield><mx:subfield code="c">Historicus</mx:subfield><mx:subfield code="d">3./4. Jh. n. Chr.</mx:subfield></mx:datafield><mx:datafield ind1="0" ind2=" " tag="400"><mx:subfield code="a">Theocles,</mx:subfield><mx:subfield code="c">Historicus</mx:subfield><mx:subfield code="d">3./4. Jh. n. Chr.</mx:subfield></mx:datafield><mx:datafield ind1="0" ind2=" " tag="400"><mx:subfield code="a">Theoclus,</mx:subfield><mx:subfield code="c">Historicus</mx:subfield><mx:subfield code="d">3./4. Jh. n. Chr.</mx:subfield></mx:datafield><mx:datafield ind1="0" ind2=" " tag="400"><mx:subfield code="a">Theoclytus,</mx:subfield><mx:subfield code="c">Historicus</mx:subfield><mx:subfield code="d">3./4. Jh. n. Chr.</mx:subfield></mx:datafield><mx:datafield ind1="0" ind2=" " tag="400"><mx:subfield code="a">Theon,</mx:subfield><mx:subfield code="c">Chius</mx:subfield><mx:subfield code="d">3./4. Jh. n. Chr.</mx:subfield></mx:datafield><mx:datafield ind1="0" ind2=" " tag="400"><mx:subfield code="a">Theoklios,</mx:subfield><mx:subfield code="c">Historiker</mx:subfield><mx:subfield code="d">3./4. Jh. n. Chr.</mx:subfield></mx:datafield><mx:datafield ind1="0" ind2=" " tag="400"><mx:subfield code="a">Theo,</mx:subfield><mx:subfield code="c">Chius</mx:subfield><mx:subfield code="d">3./4. Jh. n. Chr.</mx:subfield></mx:datafield><mx:datafield ind1=" " ind2=" " tag="678"><mx:subfield code="a">FGrH 214</mx:subfield></mx:datafield><mx:datafield ind1=" " ind2=" " tag="922"><mx:subfield code="a">GW</mx:subfield><mx:subfield code="9">1</mx:subfield></mx:datafield></mx:record>